@inproceedings{johnson2015structured,
  title={Structured Hedging for Resource Allocations with Leverage},
  author={Johnson, Nicholas and Banerjee, Arindam},
  booktitle={Proceedings of the 21th ACM SIGKDD International Conference on Knowledge Discovery and Data Mining},
  pages={477--486},
  year={2015},
  organization={ACM}
}

@article{hazan2015online,
  title={An online portfolio selection algorithm with regret logarithmic in price variation},
  author={Hazan, Elad and Kale, Satyen},
  journal={Mathematical Finance},
  volume={25},
  number={2},
  pages={288--310},
  year={2015},
  publisher={Wiley Online Library}
}

@article{li2012line,
  title={On-line portfolio selection with moving average reversion},
  author={Li, Bin and Hoi, Steven CH},
  journal={arXiv preprint arXiv:1206.4626},
  year={2012}
}

@article{blum1999universal,
  title={Universal portfolios with and without transaction costs},
  author={Blum, Avrim and Kalai, Adam},
  journal={Machine Learning},
  volume={35},
  number={3},
  pages={193--205},
  year={1999},
  publisher={Springer}
}

@inproceedings{johnson2015online,
  title={Online resource allocation with structured diversification},
  author={Johnson, Nicholas and Banerjee, Arindam},
  year={2015},
  organization={SIAM}
}

@article{kalai2003efficient,
  title={Efficient algorithms for universal portfolios},
  author={Kalai, Adam and Vempala, Santosh},
  journal={The Journal of Machine Learning Research},
  volume={3},
  pages={423--440},
  year={2003},
  publisher={JMLR. org}
}

@inproceedings{das2014online,
  title={Online Portfolio Selection with Group Sparsity.},
  author={Das, Puja and Johnson, Nicholas and Banerjee, Arindam},
  booktitle={AAAI},
  pages={1185--1191},
  year={2014},
  organization={Citeseer}
}